
@Misc{wiki,
	howpublished={https://en.wikipedia.org/wiki/List\_of\_languages\_by\_number\_of\_native\_speakers},
	author  = {wiki},
	title  = {List of languages by number of native speakers},
	note  = {February 12, 2018}
}


@Misc{cinemaData,
howpublished={http://uis.unesco.org/en\\/topic/feature-films-and-cinema-data},
author  = {United Nations},
title  = {Feature Films and Cinema Data},
note  = {February 12, 2018}
}

@article{gm11, 
	title={Program Implementation of Gray Model with Non - equidistant Sequences},
	author={Chen Yong},
	journal={Journal of Shangluo Teachers College},
	volume={19},
	number={2},
	pages={20--21},
	year={2005}
}

@Misc{mapdata,
	howpublished={http://gallery.echartsjs.com/editor.html?c=xSyKKAw97l},
	title  = {Echart},
	note  = {February 12, 2018}
}

@Misc{archive,
	howpublished={https://www.ethnologue.com/archive\\},
	author  = {Ethnolofue},
	title  = {Lauguages of the World},
	note  = {February 12, 2018}
}


@Misc{undata,
	howpublished={http://data.un.org/DataMartInfo.\\aspx},
	author  = {United Nations},
	title  = {Lauguages of the World},
	note  = {February 12, 2018}
}


@Misc{Dataset,
	howpublished={https://ethnologue.podia.com/ethnologue-longitudinal-dataset-and-report\\-for-mcm},
	author  = {ethnologue},
	title  = {Ethnologue Longitudinal Dataset and Report for MCM},
	note  = {February 12, 2018}
}


@book{influential,
	author = {Kai L. Chan, PhD},
	title = {Which are the worldâ€™s most influential  languages?},
	date = {May 2016},
}









